[
  {
    "date": "2005-12-31",
    "ticker": "AAPL",
    "revenue": 5749000000.0,
    "operating_income": 750000000.0,
    "net_income": 565000000.0,
    "total_assets": 14181000000.0,
    "total_liabilities": 5801000000.0,
    "operating_cashflow": 283000000.0
  },
  {
    "date": "2006-03-31",
    "ticker": "AAPL",
    "revenue": 4359000000.0,
    "operating_income": 529000000.0,
    "net_income": 410000000.0,
    "total_assets": 13911000000.0,
    "total_liabilities": 5229000000.0,
    "operating_cashflow": -125000000.0
  },
  {
    "date": "2006-06-30",
    "ticker": "AAPL",
    "revenue": 4370000000.0,
    "operating_income": 566000000.0,
    "net_income": 472000000.0,
    "total_assets": 15114000000.0,
    "total_liabilities": 5784000000.0,
    "operating_cashflow": 1007000000.0
  },
  {
    "date": "2006-09-30",
    "ticker": "AAPL",
    "revenue": 19315000000.0,
    "operating_income": 2453000000.0,
    "net_income": 1989000000.0,
    "total_assets": 17205000000.0,
    "total_liabilities": 7221000000.0,
    "operating_cashflow": 2220000000.0
  },
  {
    "date": "2006-12-31",
    "ticker": "AAPL",
    "revenue": 7115000000.0,
    "operating_income": 1322000000.0,
    "net_income": 1004000000.0,
    "total_assets": 19461000000.0,
    "total_liabilities": 8233000000.0,
    "operating_cashflow": 1813000000.0
  },
  {
    "date": "2007-03-31",
    "ticker": "AAPL",
    "revenue": 5264000000.0,
    "operating_income": 986000000.0,
    "net_income": 770000000.0,
    "total_assets": 18711000000.0,
    "total_liabilities": 6450000000.0,
    "operating_cashflow": 734000000.0
  },
  {
    "date": "2007-06-30",
    "ticker": "AAPL",
    "revenue": 5410000000.0,
    "operating_income": 1041000000.0,
    "net_income": 818000000.0,
    "total_assets": 21647000000.0,
    "total_liabilities": 8243000000.0,
    "operating_cashflow": 1227000000.0
  },
  {
    "date": "2007-09-30",
    "ticker": "AAPL",
    "revenue": 24006000000.0,
    "operating_income": 4409000000.0,
    "net_income": 3495000000.0,
    "total_assets": 25347000000.0,
    "total_liabilities": 10815000000.0,
    "operating_cashflow": 5470000000.0
  },
  {
    "date": "2007-12-31",
    "ticker": "AAPL",
    "revenue": 9608000000.0,
    "operating_income": 2126000000.0,
    "net_income": 1581000000.0,
    "total_assets": 30039000000.0,
    "total_liabilities": 13235000000.0,
    "operating_cashflow": 2787000000.0
  },
  {
    "date": "2008-03-31",
    "ticker": "AAPL",
    "revenue": 7512000000.0,
    "operating_income": 1315000000.0,
    "net_income": 1045000000.0,
    "total_assets": 30471000000.0,
    "total_liabilities": 12418000000.0,
    "operating_cashflow": 1193000000.0
  },
  {
    "date": "2008-06-30",
    "ticker": "AAPL",
    "revenue": 7464000000.0,
    "operating_income": 1392000000.0,
    "net_income": 1072000000.0,
    "total_assets": 31709000000.0,
    "total_liabilities": 12087000000.0,
    "operating_cashflow": 1321000000.0
  },
  {
    "date": "2008-09-30",
    "ticker": "AAPL",
    "revenue": 32479000000.0,
    "operating_income": 6275000000.0,
    "net_income": 4834000000.0,
    "total_assets": 39572000000.0,
    "total_liabilities": 18542000000.0,
    "operating_cashflow": 9596000000.0
  },
  {
    "date": "2008-12-31",
    "ticker": "AAPL",
    "revenue": 11880000000.0,
    "operating_income": 3101000000.0,
    "net_income": 2255000000.0,
    "total_assets": 42787000000.0,
    "total_liabilities": 19878000000.0,
    "operating_cashflow": 3938000000.0
  },
  {
    "date": "2009-03-31",
    "ticker": "AAPL",
    "revenue": 9084000000.0,
    "operating_income": 2323000000.0,
    "net_income": 1620000000.0,
    "total_assets": 43237000000.0,
    "total_liabilities": 18926000000.0,
    "operating_cashflow": 841000000.0
  },
  {
    "date": "2009-06-30",
    "ticker": "AAPL",
    "revenue": 9734000000.0,
    "operating_income": 2632000000.0,
    "net_income": 1828000000.0,
    "total_assets": 48140000000.0,
    "total_liabilities": 22252000000.0,
    "operating_cashflow": 2270000000.0
  },
  {
    "date": "2009-09-30",
    "ticker": "AAPL",
    "revenue": 42905000000.0,
    "operating_income": 11740000000.0,
    "net_income": 8235000000.0,
    "total_assets": 53851000000.0,
    "total_liabilities": 26019000000.0,
    "operating_cashflow": 10159000000.0
  },
  {
    "date": "2009-12-31",
    "ticker": "AAPL",
    "revenue": 15683000000.0,
    "operating_income": 4725000000.0,
    "net_income": 3378000000.0,
    "total_assets": 53926000000.0,
    "total_liabilities": 18158000000.0,
    "operating_cashflow": 5781000000.0
  },
  {
    "date": "2010-03-31",
    "ticker": "AAPL",
    "revenue": 13499000000.0,
    "operating_income": 3979000000.0,
    "net_income": 3074000000.0,
    "total_assets": 57057000000.0,
    "total_liabilities": 17709000000.0,
    "operating_cashflow": 2330000000.0
  },
  {
    "date": "2010-06-30",
    "ticker": "AAPL",
    "revenue": 15700000000.0,
    "operating_income": 4234000000.0,
    "net_income": 3253000000.0,
    "total_assets": 64725000000.0,
    "total_liabilities": 21614000000.0,
    "operating_cashflow": 4801000000.0
  },
  {
    "date": "2010-09-30",
    "ticker": "AAPL",
    "revenue": 65225000000.0,
    "operating_income": 18385000000.0,
    "net_income": 14013000000.0,
    "total_assets": 75183000000.0,
    "total_liabilities": 27392000000.0,
    "operating_cashflow": 18595000000.0
  },
  {
    "date": "2010-12-31",
    "ticker": "AAPL",
    "revenue": 26741000000.0,
    "operating_income": 7827000000.0,
    "net_income": 6004000000.0,
    "total_assets": 86742000000.0,
    "total_liabilities": 32076000000.0,
    "operating_cashflow": 9773000000.0
  },
  {
    "date": "2011-03-31",
    "ticker": "AAPL",
    "revenue": 24667000000.0,
    "operating_income": 7874000000.0,
    "net_income": 5987000000.0,
    "total_assets": 94904000000.0,
    "total_liabilities": 33427000000.0,
    "operating_cashflow": 6219000000.0
  },
  {
    "date": "2011-06-30",
    "ticker": "AAPL",
    "revenue": 28571000000.0,
    "operating_income": 9379000000.0,
    "net_income": 7308000000.0,
    "total_assets": 106758000000.0,
    "total_liabilities": 37415000000.0,
    "operating_cashflow": 11108000000.0
  },
  {
    "date": "2011-09-30",
    "ticker": "AAPL",
    "revenue": 108249000000.0,
    "operating_income": 33790000000.0,
    "net_income": 25922000000.0,
    "total_assets": 116371000000.0,
    "total_liabilities": 39756000000.0,
    "operating_cashflow": 37529000000.0
  },
  {
    "date": "2011-12-31",
    "ticker": "AAPL",
    "revenue": 46333000000.0,
    "operating_income": 17340000000.0,
    "net_income": 13064000000.0,
    "total_assets": 138681000000.0,
    "total_liabilities": 48627000000.0,
    "operating_cashflow": 17554000000.0
  },
  {
    "date": "2012-03-31",
    "ticker": "AAPL",
    "revenue": 39186000000.0,
    "operating_income": 15384000000.0,
    "net_income": 11622000000.0,
    "total_assets": 150934000000.0,
    "total_liabilities": 48436000000.0,
    "operating_cashflow": 13977000000.0
  },
  {
    "date": "2012-06-30",
    "ticker": "AAPL",
    "revenue": 35023000000.0,
    "operating_income": 11573000000.0,
    "net_income": 8824000000.0,
    "total_assets": 162896000000.0,
    "total_liabilities": 51150000000.0,
    "operating_cashflow": 10189000000.0
  },
  {
    "date": "2012-09-30",
    "ticker": "AAPL",
    "revenue": 156508000000.0,
    "operating_income": 55241000000.0,
    "net_income": 41733000000.0,
    "total_assets": 176064000000.0,
    "total_liabilities": 57854000000.0,
    "operating_cashflow": 50856000000.0
  },
  {
    "date": "2012-12-31",
    "ticker": "AAPL",
    "revenue": 54512000000.0,
    "operating_income": 17210000000.0,
    "net_income": 13078000000.0,
    "total_assets": 196088000000.0,
    "total_liabilities": 68742000000.0,
    "operating_cashflow": 23426000000.0
  },
  {
    "date": "2013-03-31",
    "ticker": "AAPL",
    "revenue": 43603000000.0,
    "operating_income": 12558000000.0,
    "net_income": 9547000000.0,
    "total_assets": 194743000000.0,
    "total_liabilities": 59253000000.0,
    "operating_cashflow": 12504000000.0
  },
  {
    "date": "2013-06-30",
    "ticker": "AAPL",
    "revenue": 35323000000.0,
    "operating_income": 9201000000.0,
    "net_income": 6900000000.0,
    "total_assets": 199856000000.0,
    "total_liabilities": 76502000000.0,
    "operating_cashflow": 7828000000.0
  },
  {
    "date": "2013-09-30",
    "ticker": "AAPL",
    "revenue": 170910000000.0,
    "operating_income": 48999000000.0,
    "net_income": 37037000000.0,
    "total_assets": 207000000000.0,
    "total_liabilities": 83451000000.0,
    "operating_cashflow": 53666000000.0
  },
  {
    "date": "2013-12-31",
    "ticker": "AAPL",
    "revenue": 57594000000.0,
    "operating_income": 17463000000.0,
    "net_income": 13072000000.0,
    "total_assets": 225184000000.0,
    "total_liabilities": 95500000000.0,
    "operating_cashflow": 22670000000.0
  },
  {
    "date": "2014-03-31",
    "ticker": "AAPL",
    "revenue": 45646000000.0,
    "operating_income": 13593000000.0,
    "net_income": 10223000000.0,
    "total_assets": 205989000000.0,
    "total_liabilities": 85810000000.0,
    "operating_cashflow": 13538000000.0
  },
  {
    "date": "2014-06-30",
    "ticker": "AAPL",
    "revenue": 37432000000.0,
    "operating_income": 10282000000.0,
    "net_income": 7748000000.0,
    "total_assets": 222520000000.0,
    "total_liabilities": 101580000000.0,
    "operating_cashflow": 10255000000.0
  },
  {
    "date": "2014-09-30",
    "ticker": "AAPL",
    "revenue": 182795000000.0,
    "operating_income": 52503000000.0,
    "net_income": 39510000000.0,
    "total_assets": 231839000000.0,
    "total_liabilities": 120292000000.0,
    "operating_cashflow": 59713000000.0
  },
  {
    "date": "2014-12-31",
    "ticker": "AAPL",
    "revenue": 74599000000.0,
    "operating_income": 24246000000.0,
    "net_income": 18024000000.0,
    "total_assets": 261894000000.0,
    "total_liabilities": 138566000000.0,
    "operating_cashflow": 33722000000.0
  },
  {
    "date": "2015-03-31",
    "ticker": "AAPL",
    "revenue": 58010000000.0,
    "operating_income": 18278000000.0,
    "net_income": 13569000000.0,
    "total_assets": 261194000000.0,
    "total_liabilities": 132188000000.0,
    "operating_cashflow": 19081000000.0
  },
  {
    "date": "2015-06-30",
    "ticker": "AAPL",
    "revenue": 49605000000.0,
    "operating_income": 14083000000.0,
    "net_income": 10677000000.0,
    "total_assets": 273151000000.0,
    "total_liabilities": 147474000000.0,
    "operating_cashflow": 14988000000.0
  },
  {
    "date": "2015-09-30",
    "ticker": "AAPL",
    "revenue": 233715000000.0,
    "operating_income": 71230000000.0,
    "net_income": 53394000000.0,
    "total_assets": 290479000000.0,
    "total_liabilities": 171124000000.0,
    "operating_cashflow": 81266000000.0
  },
  {
    "date": "2015-12-31",
    "ticker": "AAPL",
    "revenue": 75872000000.0,
    "operating_income": 24171000000.0,
    "net_income": 18361000000.0,
    "total_assets": 293284000000.0,
    "total_liabilities": 165017000000.0,
    "operating_cashflow": 27463000000.0
  },
  {
    "date": "2016-03-31",
    "ticker": "AAPL",
    "revenue": 50557000000.0,
    "operating_income": 13987000000.0,
    "net_income": 10516000000.0,
    "total_assets": 305277000000.0,
    "total_liabilities": 174820000000.0,
    "operating_cashflow": 11601000000.0
  },
  {
    "date": "2016-06-30",
    "ticker": "AAPL",
    "revenue": 42358000000.0,
    "operating_income": 10105000000.0,
    "net_income": 7796000000.0,
    "total_assets": 305602000000.0,
    "total_liabilities": 179061000000.0,
    "operating_cashflow": 10634000000.0
  },
  {
    "date": "2016-09-30",
    "ticker": "AAPL",
    "revenue": 215639000000.0,
    "operating_income": 60024000000.0,
    "net_income": 45687000000.0,
    "total_assets": 321686000000.0,
    "total_liabilities": 193437000000.0,
    "operating_cashflow": 65824000000.0
  },
  {
    "date": "2016-12-31",
    "ticker": "AAPL",
    "revenue": 78351000000.0,
    "operating_income": 23359000000.0,
    "net_income": 17891000000.0,
    "total_assets": 331141000000.0,
    "total_liabilities": 198751000000.0,
    "operating_cashflow": 27234000000.0
  },
  {
    "date": "2017-03-31",
    "ticker": "AAPL",
    "revenue": 52896000000.0,
    "operating_income": 14097000000.0,
    "net_income": 11029000000.0,
    "total_assets": 334532000000.0,
    "total_liabilities": 200450000000.0,
    "operating_cashflow": 12570000000.0
  },
  {
    "date": "2017-06-30",
    "ticker": "AAPL",
    "revenue": 45408000000.0,
    "operating_income": 10768000000.0,
    "net_income": 8717000000.0,
    "total_assets": 345173000000.0,
    "total_liabilities": 212748000000.0,
    "operating_cashflow": 8672000000.0
  },
  {
    "date": "2017-09-30",
    "ticker": "AAPL",
    "revenue": 229234000000.0,
    "operating_income": 61344000000.0,
    "net_income": 48351000000.0,
    "total_assets": 375319000000.0,
    "total_liabilities": 241272000000.0,
    "operating_cashflow": 63598000000.0
  },
  {
    "date": "2017-12-31",
    "ticker": "AAPL",
    "revenue": 88293000000.0,
    "operating_income": 26274000000.0,
    "net_income": 20065000000.0,
    "total_assets": 406794000000.0,
    "total_liabilities": 266595000000.0,
    "operating_cashflow": 28293000000.0
  },
  {
    "date": "2018-03-31",
    "ticker": "AAPL",
    "revenue": 61137000000.0,
    "operating_income": 15894000000.0,
    "net_income": 13822000000.0,
    "total_assets": 367502000000.0,
    "total_liabilities": 240624000000.0,
    "operating_cashflow": 15130000000.0
  },
  {
    "date": "2018-06-30",
    "ticker": "AAPL",
    "revenue": 53265000000.0,
    "operating_income": 12612000000.0,
    "net_income": 11519000000.0,
    "total_assets": 349197000000.0,
    "total_liabilities": 234248000000.0,
    "operating_cashflow": 14488000000.0
  },
  {
    "date": "2018-09-30",
    "ticker": "AAPL",
    "revenue": 265595000000.0,
    "operating_income": 70898000000.0,
    "net_income": 59531000000.0,
    "total_assets": 365725000000.0,
    "total_liabilities": 258578000000.0,
    "operating_cashflow": 77434000000.0
  },
  {
    "date": "2018-12-31",
    "ticker": "AAPL",
    "revenue": 84310000000.0,
    "operating_income": 23346000000.0,
    "net_income": 19965000000.0,
    "total_assets": 373719000000.0,
    "total_liabilities": 255827000000.0,
    "operating_cashflow": 26690000000.0
  },
  {
    "date": "2019-03-31",
    "ticker": "AAPL",
    "revenue": 58015000000.0,
    "operating_income": 13415000000.0,
    "net_income": 11561000000.0,
    "total_assets": 341998000000.0,
    "total_liabilities": 236138000000.0,
    "operating_cashflow": 11155000000.0
  },
  {
    "date": "2019-06-30",
    "ticker": "AAPL",
    "revenue": 53809000000.0,
    "operating_income": 11544000000.0,
    "net_income": 10044000000.0,
    "total_assets": 322239000000.0,
    "total_liabilities": 225783000000.0,
    "operating_cashflow": 11636000000.0
  },
  {
    "date": "2019-09-30",
    "ticker": "AAPL",
    "revenue": 260174000000.0,
    "operating_income": 63930000000.0,
    "net_income": 55256000000.0,
    "total_assets": 338516000000.0,
    "total_liabilities": 248028000000.0,
    "operating_cashflow": 69391000000.0
  },
  {
    "date": "2019-12-31",
    "ticker": "AAPL",
    "revenue": 91819000000.0,
    "operating_income": 25569000000.0,
    "net_income": 22236000000.0,
    "total_assets": 340618000000.0,
    "total_liabilities": 251087000000.0,
    "operating_cashflow": 30516000000.0
  },
  {
    "date": "2020-03-31",
    "ticker": "AAPL",
    "revenue": 58313000000.0,
    "operating_income": 12853000000.0,
    "net_income": 11249000000.0,
    "total_assets": 320400000000.0,
    "total_liabilities": 241975000000.0,
    "operating_cashflow": 13311000000.0
  },
  {
    "date": "2020-06-30",
    "ticker": "AAPL",
    "revenue": 59685000000.0,
    "operating_income": 13091000000.0,
    "net_income": 11253000000.0,
    "total_assets": 317344000000.0,
    "total_liabilities": 245062000000.0,
    "operating_cashflow": 16271000000.0
  },
  {
    "date": "2020-09-30",
    "ticker": "AAPL",
    "revenue": 274515000000.0,
    "operating_income": 66288000000.0,
    "net_income": 57411000000.0,
    "total_assets": 323888000000.0,
    "total_liabilities": 258549000000.0,
    "operating_cashflow": 80674000000.0
  },
  {
    "date": "2020-12-31",
    "ticker": "AAPL",
    "revenue": 111439000000.0,
    "operating_income": 33534000000.0,
    "net_income": 28755000000.0,
    "total_assets": 354054000000.0,
    "total_liabilities": 287830000000.0,
    "operating_cashflow": 38763000000.0
  },
  {
    "date": "2021-03-31",
    "ticker": "AAPL",
    "revenue": 89584000000.0,
    "operating_income": 27503000000.0,
    "net_income": 23630000000.0,
    "total_assets": 337158000000.0,
    "total_liabilities": 267980000000.0,
    "operating_cashflow": 23981000000.0
  },
  {
    "date": "2021-06-30",
    "ticker": "AAPL",
    "revenue": 81434000000.0,
    "operating_income": 24126000000.0,
    "net_income": 21744000000.0,
    "total_assets": 329840000000.0,
    "total_liabilities": 265560000000.0,
    "operating_cashflow": 21094000000.0
  },
  {
    "date": "2021-09-30",
    "ticker": "AAPL",
    "revenue": 365817000000.0,
    "operating_income": 108949000000.0,
    "net_income": 94680000000.0,
    "total_assets": 351002000000.0,
    "total_liabilities": 287912000000.0,
    "operating_cashflow": 104038000000.0
  },
  {
    "date": "2021-12-31",
    "ticker": "AAPL",
    "revenue": 123945000000.0,
    "operating_income": 41488000000.0,
    "net_income": 34630000000.0,
    "total_assets": 381191000000.0,
    "total_liabilities": 309259000000.0,
    "operating_cashflow": 46966000000.0
  },
  {
    "date": "2022-03-31",
    "ticker": "AAPL",
    "revenue": 97278000000.0,
    "operating_income": 29979000000.0,
    "net_income": 25010000000.0,
    "total_assets": 350662000000.0,
    "total_liabilities": 283263000000.0,
    "operating_cashflow": 28166000000.0
  },
  {
    "date": "2022-06-30",
    "ticker": "AAPL",
    "revenue": 82959000000.0,
    "operating_income": 23076000000.0,
    "net_income": 19442000000.0,
    "total_assets": 336309000000.0,
    "total_liabilities": 278202000000.0,
    "operating_cashflow": 22892000000.0
  },
  {
    "date": "2022-09-30",
    "ticker": "AAPL",
    "revenue": 394328000000.0,
    "operating_income": 119437000000.0,
    "net_income": 99803000000.0,
    "total_assets": 352755000000.0,
    "total_liabilities": 302083000000.0,
    "operating_cashflow": 122151000000.0
  },
  {
    "date": "2022-12-31",
    "ticker": "AAPL",
    "revenue": 117154000000.0,
    "operating_income": 36016000000.0,
    "net_income": 29998000000.0,
    "total_assets": 346747000000.0,
    "total_liabilities": 290020000000.0,
    "operating_cashflow": 34005000000.0
  },
  {
    "date": "2023-03-31",
    "ticker": "AAPL",
    "revenue": 94836000000.0,
    "operating_income": 28318000000.0,
    "net_income": 24160000000.0,
    "total_assets": 332160000000.0,
    "total_liabilities": 270002000000.0,
    "operating_cashflow": 28560000000.0
  },
  {
    "date": "2023-06-30",
    "ticker": "AAPL",
    "revenue": 81797000000.0,
    "operating_income": 22998000000.0,
    "net_income": 19881000000.0,
    "total_assets": 335038000000.0,
    "total_liabilities": 274764000000.0,
    "operating_cashflow": 26380000000.0
  },
  {
    "date": "2023-09-30",
    "ticker": "AAPL",
    "revenue": 383285000000.0,
    "operating_income": 114301000000.0,
    "net_income": 96995000000.0,
    "total_assets": 352583000000.0,
    "total_liabilities": 290437000000.0,
    "operating_cashflow": 110543000000.0
  },
  {
    "date": "2023-12-31",
    "ticker": "AAPL",
    "revenue": 119575000000.0,
    "operating_income": 40373000000.0,
    "net_income": 33916000000.0,
    "total_assets": 353514000000.0,
    "total_liabilities": 279414000000.0,
    "operating_cashflow": 39895000000.0
  },
  {
    "date": "2024-03-31",
    "ticker": "AAPL",
    "revenue": 90753000000.0,
    "operating_income": 27900000000.0,
    "net_income": 23636000000.0,
    "total_assets": 337411000000.0,
    "total_liabilities": 263217000000.0,
    "operating_cashflow": 22690000000.0
  },
  {
    "date": "2024-06-30",
    "ticker": "AAPL",
    "revenue": 85777000000.0,
    "operating_income": 25352000000.0,
    "net_income": 21448000000.0,
    "total_assets": 331612000000.0,
    "total_liabilities": 264904000000.0,
    "operating_cashflow": 28858000000.0
  },
  {
    "date": "2024-09-30",
    "ticker": "AAPL",
    "revenue": 391035000000.0,
    "operating_income": 123216000000.0,
    "net_income": 93736000000.0,
    "total_assets": 364980000000.0,
    "total_liabilities": 308030000000.0,
    "operating_cashflow": 118254000000.0
  },
  {
    "date": "2024-12-31",
    "ticker": "AAPL",
    "revenue": 124300000000.0,
    "operating_income": 42832000000.0,
    "net_income": 36330000000.0,
    "total_assets": 344085000000.0,
    "total_liabilities": 277327000000.0,
    "operating_cashflow": 29935000000.0
  },
  {
    "date": "2025-03-31",
    "ticker": "AAPL",
    "revenue": 95359000000.0,
    "operating_income": 29589000000.0,
    "net_income": 24780000000.0,
    "total_assets": 331233000000.0,
    "total_liabilities": 264437000000.0,
    "operating_cashflow": 23952000000.0
  },
  {
    "date": "2025-06-30",
    "ticker": "AAPL",
    "revenue": 94036000000.0,
    "operating_income": 28202000000.0,
    "net_income": 23434000000.0,
    "total_assets": 331495000000.0,
    "total_liabilities": 265665000000.0,
    "operating_cashflow": 27867000000.0
  },
  {
    "date": "2025-09-30",
    "ticker": "AAPL",
    "revenue": 416161000000.0,
    "operating_income": 133050000000.0,
    "net_income": 112010000000.0,
    "total_assets": 359241000000.0,
    "total_liabilities": 285508000000.0,
    "operating_cashflow": 111482000000.0
  },
  {
    "date": "2025-12-31",
    "ticker": "AAPL",
    "revenue": 143756000000.0,
    "operating_income": 50852000000.0,
    "net_income": 42097000000.0,
    "total_assets": 379297000000.0,
    "total_liabilities": 291107000000.0,
    "operating_cashflow": 53925000000.0
  },
  {
    "date": "2005-12-31",
    "ticker": "GOOGL",
    "revenue": 1919092000.0,
    "operating_income": 569639000.0,
    "net_income": 372208000.0,
    "total_assets": 10271813000.0,
    "total_liabilities": 852856000.0,
    "operating_cashflow": 658434000.0
  },
  {
    "date": "2006-03-31",
    "ticker": "GOOGL",
    "revenue": 2253800000.0,
    "operating_income": 742699000.0,
    "net_income": 592291000.0,
    "total_assets": 11294870000.0,
    "total_liabilities": 1051602000.0,
    "operating_cashflow": 824804000.0
  },
  {
    "date": "2006-06-30",
    "ticker": "GOOGL",
    "revenue": 2456000000.0,
    "operating_income": 815372000.0,
    "net_income": 721077000.0,
    "total_assets": 14396006000.0,
    "total_liabilities": 1038998000.0,
    "operating_cashflow": 840586000.0
  },
  {
    "date": "2006-09-30",
    "ticker": "GOOGL",
    "revenue": 2689700000.0,
    "operating_income": 931331000.0,
    "net_income": 733361000.0,
    "total_assets": 15693232000.0,
    "total_liabilities": 1296145000.0,
    "operating_cashflow": 1004324000.0
  },
  {
    "date": "2006-12-31",
    "ticker": "GOOGL",
    "revenue": 10604917000.0,
    "operating_income": 3549996000.0,
    "net_income": 3077446000.0,
    "total_assets": 18473351000.0,
    "total_liabilities": 1433511000.0,
    "operating_cashflow": 3580508000.0
  },
  {
    "date": "2007-03-31",
    "ticker": "GOOGL",
    "revenue": 3664000000.0,
    "operating_income": 1221209000.0,
    "net_income": 1002162000.0,
    "total_assets": 20015438000.0,
    "total_liabilities": 1638228000.0,
    "operating_cashflow": 1219593000.0
  },
  {
    "date": "2007-06-30",
    "ticker": "GOOGL",
    "revenue": 3872000000.0,
    "operating_income": 1104615000.0,
    "net_income": 925120000.0,
    "total_assets": 21423885000.0,
    "total_liabilities": 1764277000.0,
    "operating_cashflow": 1229926000.0
  },
  {
    "date": "2007-09-30",
    "ticker": "GOOGL",
    "revenue": 4231400000.0,
    "operating_income": 1317842000.0,
    "net_income": 1069989000.0,
    "total_assets": 23340650000.0,
    "total_liabilities": 2303879000.0,
    "operating_cashflow": 1632643000.0
  },
  {
    "date": "2007-12-31",
    "ticker": "GOOGL",
    "revenue": 16593986000.0,
    "operating_income": 5084400000.0,
    "net_income": 4203720000.0,
    "total_assets": 25335806000.0,
    "total_liabilities": 2646127000.0,
    "operating_cashflow": 5775410000.0
  },
  {
    "date": "2008-03-31",
    "ticker": "GOOGL",
    "revenue": 5186000000.0,
    "operating_income": 1546235000.0,
    "net_income": 1307086000.0,
    "total_assets": 27604982000.0,
    "total_liabilities": 3267447000.0,
    "operating_cashflow": 1779446000.0
  },
  {
    "date": "2008-06-30",
    "ticker": "GOOGL",
    "revenue": 5367200000.0,
    "operating_income": 1577965000.0,
    "net_income": 1247391000.0,
    "total_assets": 29179786000.0,
    "total_liabilities": 3266771000.0,
    "operating_cashflow": 1766154000.0
  },
  {
    "date": "2008-09-30",
    "ticker": "GOOGL",
    "revenue": 5541400000.0,
    "operating_income": 1647565000.0,
    "net_income": 1289938000.0,
    "total_assets": 30806974000.0,
    "total_liabilities": 3332112000.0,
    "operating_cashflow": 2184958000.0
  },
  {
    "date": "2008-12-31",
    "ticker": "GOOGL",
    "revenue": 21796000000.0,
    "operating_income": 6632000000.0,
    "net_income": 4227000000.0,
    "total_assets": 31767575000.0,
    "total_liabilities": 3528713000.0,
    "operating_cashflow": 7852857000.0
  },
  {
    "date": "2009-03-31",
    "ticker": "GOOGL",
    "revenue": 5509000000.0,
    "operating_income": 1884000000.0,
    "net_income": 1423000000.0,
    "total_assets": 33513029000.0,
    "total_liabilities": 3664934000.0,
    "operating_cashflow": 2249512000.0
  },
  {
    "date": "2009-06-30",
    "ticker": "GOOGL",
    "revenue": 5523000000.0,
    "operating_income": 1874000000.0,
    "net_income": 1485000000.0,
    "total_assets": 35158760000.0,
    "total_liabilities": 3563904000.0,
    "operating_cashflow": 1609172000.0
  },
  {
    "date": "2009-09-30",
    "ticker": "GOOGL",
    "revenue": 5945000000.0,
    "operating_income": 2074000000.0,
    "net_income": 1639000000.0,
    "total_assets": 37702845000.0,
    "total_liabilities": 3981092000.0,
    "operating_cashflow": 2725983000.0
  },
  {
    "date": "2009-12-31",
    "ticker": "GOOGL",
    "revenue": 23651000000.0,
    "operating_income": 8312000000.0,
    "net_income": 6520000000.0,
    "total_assets": 40496778000.0,
    "total_liabilities": 4492554000.0,
    "operating_cashflow": 9316198000.0
  },
  {
    "date": "2010-03-31",
    "ticker": "GOOGL",
    "revenue": 6775000000.0,
    "operating_income": 2488000000.0,
    "net_income": 1955000000.0,
    "total_assets": 42871000000.0,
    "total_liabilities": 4588000000.0,
    "operating_cashflow": 2584000000.0
  },
  {
    "date": "2010-06-30",
    "ticker": "GOOGL",
    "revenue": 6820000000.0,
    "operating_income": 2365000000.0,
    "net_income": 1840000000.0,
    "total_assets": 48045000000.0,
    "total_liabilities": 7432000000.0,
    "operating_cashflow": 2085000000.0
  },
  {
    "date": "2010-09-30",
    "ticker": "GOOGL",
    "revenue": 7286000000.0,
    "operating_income": 2547000000.0,
    "net_income": 2167000000.0,
    "total_assets": 53342000000.0,
    "total_liabilities": 10052000000.0,
    "operating_cashflow": 2886000000.0
  },
  {
    "date": "2010-12-31",
    "ticker": "GOOGL",
    "revenue": 29321000000.0,
    "operating_income": 10381000000.0,
    "net_income": 8505000000.0,
    "total_assets": 57851000000.0,
    "total_liabilities": 11610000000.0,
    "operating_cashflow": 11081000000.0
  },
  {
    "date": "2011-03-31",
    "ticker": "GOOGL",
    "revenue": 8575000000.0,
    "operating_income": 2296000000.0,
    "net_income": 1798000000.0,
    "total_assets": 59960000000.0,
    "total_liabilities": 11109000000.0,
    "operating_cashflow": 3172000000.0
  },
  {
    "date": "2011-06-30",
    "ticker": "GOOGL",
    "revenue": 9026000000.0,
    "operating_income": 2881000000.0,
    "net_income": 2505000000.0,
    "total_assets": 64861000000.0,
    "total_liabilities": 12870000000.0,
    "operating_cashflow": 3519000000.0
  },
  {
    "date": "2011-09-30",
    "ticker": "GOOGL",
    "revenue": 9720000000.0,
    "operating_income": 3058000000.0,
    "net_income": 2729000000.0,
    "total_assets": 69088000000.0,
    "total_liabilities": 14258000000.0,
    "operating_cashflow": 3950000000.0
  },
  {
    "date": "2011-12-31",
    "ticker": "GOOGL",
    "revenue": 37905000000.0,
    "operating_income": 11742000000.0,
    "net_income": 9737000000.0,
    "total_assets": 72574000000.0,
    "total_liabilities": 14429000000.0,
    "operating_cashflow": 14565000000.0
  },
  {
    "date": "2012-03-31",
    "ticker": "GOOGL",
    "revenue": 10645000000.0,
    "operating_income": 3389000000.0,
    "net_income": 2890000000.0,
    "total_assets": 77144000000.0,
    "total_liabilities": 15432000000.0,
    "operating_cashflow": 3694000000.0
  },
  {
    "date": "2012-06-30",
    "ticker": "GOOGL",
    "revenue": 11807000000.0,
    "operating_income": 3237000000.0,
    "net_income": 2785000000.0,
    "total_assets": 86051000000.0,
    "total_liabilities": 21330000000.0,
    "operating_cashflow": 4252000000.0
  },
  {
    "date": "2012-09-30",
    "ticker": "GOOGL",
    "revenue": 13304000000.0,
    "operating_income": 2740000000.0,
    "net_income": 2176000000.0,
    "total_assets": 89730000000.0,
    "total_liabilities": 21702000000.0,
    "operating_cashflow": 4004000000.0
  },
  {
    "date": "2012-12-31",
    "ticker": "GOOGL",
    "revenue": 46039000000.0,
    "operating_income": 13834000000.0,
    "net_income": 10737000000.0,
    "total_assets": 93798000000.0,
    "total_liabilities": 22083000000.0,
    "operating_cashflow": 16619000000.0
  },
  {
    "date": "2013-03-31",
    "ticker": "GOOGL",
    "revenue": 12951000000.0,
    "operating_income": 3748000000.0,
    "net_income": 3346000000.0,
    "total_assets": 96692000000.0,
    "total_liabilities": 21219000000.0,
    "operating_cashflow": 3633000000.0
  },
  {
    "date": "2013-06-30",
    "ticker": "GOOGL",
    "revenue": 13107000000.0,
    "operating_income": 3465000000.0,
    "net_income": 3228000000.0,
    "total_assets": 101182000000.0,
    "total_liabilities": 22330000000.0,
    "operating_cashflow": 4705000000.0
  },
  {
    "date": "2013-09-30",
    "ticker": "GOOGL",
    "revenue": 13754000000.0,
    "operating_income": 3761000000.0,
    "net_income": 2970000000.0,
    "total_assets": 105068000000.0,
    "total_liabilities": 22079000000.0,
    "operating_cashflow": 5083000000.0
  },
  {
    "date": "2013-12-31",
    "ticker": "GOOGL",
    "revenue": 55519000000.0,
    "operating_income": 15403000000.0,
    "net_income": 12733000000.0,
    "total_assets": 110920000000.0,
    "total_liabilities": 23611000000.0,
    "operating_cashflow": 18659000000.0
  },
  {
    "date": "2014-03-31",
    "ticker": "GOOGL",
    "revenue": 15420000000.0,
    "operating_income": 4115000000.0,
    "net_income": 3452000000.0,
    "total_assets": 116526000000.0,
    "total_liabilities": 24815000000.0,
    "operating_cashflow": 4391000000.0
  },
  {
    "date": "2014-06-30",
    "ticker": "GOOGL",
    "revenue": 15955000000.0,
    "operating_income": 4258000000.0,
    "net_income": 3351000000.0,
    "total_assets": 121608000000.0,
    "total_liabilities": 25859000000.0,
    "operating_cashflow": 5627000000.0
  },
  {
    "date": "2014-09-30",
    "ticker": "GOOGL",
    "revenue": 16523000000.0,
    "operating_income": 3724000000.0,
    "net_income": 2739000000.0,
    "total_assets": 125781000000.0,
    "total_liabilities": 26966000000.0,
    "operating_cashflow": 5994000000.0
  },
  {
    "date": "2014-12-31",
    "ticker": "GOOGL",
    "revenue": 66001000000.0,
    "operating_income": 16496000000.0,
    "net_income": 14136000000.0,
    "total_assets": 131133000000.0,
    "total_liabilities": 26633000000.0,
    "operating_cashflow": 22376000000.0
  },
  {
    "date": "2015-03-31",
    "ticker": "GOOGL",
    "revenue": 17258000000.0,
    "operating_income": 4447000000.0,
    "net_income": 3515000000.0,
    "total_assets": 133400000000.0,
    "total_liabilities": 24952000000.0,
    "operating_cashflow": 6617000000.0
  },
  {
    "date": "2015-06-30",
    "ticker": "GOOGL",
    "revenue": 17727000000.0,
    "operating_income": 4825000000.0,
    "net_income": 3931000000.0,
    "total_assets": 138807000000.0,
    "total_liabilities": 27024000000.0,
    "operating_cashflow": 6985000000.0
  },
  {
    "date": "2015-09-30",
    "ticker": "GOOGL",
    "revenue": 18675000000.0,
    "operating_income": 4708000000.0,
    "net_income": 3979000000.0,
    "total_assets": 144281000000.0,
    "total_liabilities": 28040000000.0,
    "operating_cashflow": 6007000000.0
  },
  {
    "date": "2015-12-31",
    "ticker": "GOOGL",
    "revenue": 74989000000.0,
    "operating_income": 19360000000.0,
    "net_income": 16348000000.0,
    "total_assets": 147461000000.0,
    "total_liabilities": 27130000000.0,
    "operating_cashflow": 26024000000.0
  },
  {
    "date": "2016-03-31",
    "ticker": "GOOGL",
    "revenue": 20257000000.0,
    "operating_income": 5342000000.0,
    "net_income": 4207000000.0,
    "total_assets": 149747000000.0,
    "total_liabilities": 26178000000.0,
    "operating_cashflow": 7658000000.0
  },
  {
    "date": "2016-06-30",
    "ticker": "GOOGL",
    "revenue": 21500000000.0,
    "operating_income": 5968000000.0,
    "net_income": 4877000000.0,
    "total_assets": 154292000000.0,
    "total_liabilities": 26413000000.0,
    "operating_cashflow": 9120000000.0
  },
  {
    "date": "2016-09-30",
    "ticker": "GOOGL",
    "revenue": 22451000000.0,
    "operating_income": 5767000000.0,
    "net_income": 5061000000.0,
    "total_assets": 159948000000.0,
    "total_liabilities": 25845000000.0,
    "operating_cashflow": 9845000000.0
  },
  {
    "date": "2016-12-31",
    "ticker": "GOOGL",
    "revenue": 90272000000.0,
    "operating_income": 23716000000.0,
    "net_income": 19478000000.0,
    "total_assets": 167497000000.0,
    "total_liabilities": 28461000000.0,
    "operating_cashflow": 36036000000.0
  },
  {
    "date": "2017-03-31",
    "ticker": "GOOGL",
    "revenue": 24750000000.0,
    "operating_income": 6568000000.0,
    "net_income": 5426000000.0,
    "total_assets": 172756000000.0,
    "total_liabilities": 27807000000.0,
    "operating_cashflow": 9548000000.0
  },
  {
    "date": "2017-06-30",
    "ticker": "GOOGL",
    "revenue": 26010000000.0,
    "operating_income": 4132000000.0,
    "net_income": 3524000000.0,
    "total_assets": 178621000000.0,
    "total_liabilities": 30335000000.0,
    "operating_cashflow": 7403000000.0
  },
  {
    "date": "2017-09-30",
    "ticker": "GOOGL",
    "revenue": 27772000000.0,
    "operating_income": 7782000000.0,
    "net_income": 6732000000.0,
    "total_assets": 189536000000.0,
    "total_liabilities": 32436000000.0,
    "operating_cashflow": 9872000000.0
  },
  {
    "date": "2017-12-31",
    "ticker": "GOOGL",
    "revenue": 110855000000.0,
    "operating_income": 26178000000.0,
    "net_income": 12662000000.0,
    "total_assets": 197295000000.0,
    "total_liabilities": 44793000000.0,
    "operating_cashflow": 37091000000.0
  },
  {
    "date": "2018-03-31",
    "ticker": "GOOGL",
    "revenue": 31146000000.0,
    "operating_income": 7633000000.0,
    "net_income": 9401000000.0,
    "total_assets": 206935000000.0,
    "total_liabilities": 46110000000.0,
    "operating_cashflow": 11642000000.0
  },
  {
    "date": "2018-06-30",
    "ticker": "GOOGL",
    "revenue": 32657000000.0,
    "operating_income": 3045000000.0,
    "net_income": 3195000000.0,
    "total_assets": 211610000000.0,
    "total_liabilities": 49610000000.0,
    "operating_cashflow": 10132000000.0
  },
  {
    "date": "2018-09-30",
    "ticker": "GOOGL",
    "revenue": 33740000000.0,
    "operating_income": 8625000000.0,
    "net_income": 9192000000.0,
    "total_assets": 221538000000.0,
    "total_liabilities": 51698000000.0,
    "operating_cashflow": 13210000000.0
  },
  {
    "date": "2018-12-31",
    "ticker": "GOOGL",
    "revenue": 136819000000.0,
    "operating_income": 27524000000.0,
    "net_income": 30736000000.0,
    "total_assets": 232792000000.0,
    "total_liabilities": 55164000000.0,
    "operating_cashflow": 47971000000.0
  },
  {
    "date": "2019-03-31",
    "ticker": "GOOGL",
    "revenue": 36339000000.0,
    "operating_income": 6608000000.0,
    "net_income": 6657000000.0,
    "total_assets": 245349000000.0,
    "total_liabilities": 61877000000.0,
    "operating_cashflow": 12000000000.0
  },
  {
    "date": "2019-06-30",
    "ticker": "GOOGL",
    "revenue": 38944000000.0,
    "operating_income": 9180000000.0,
    "net_income": 9947000000.0,
    "total_assets": 257101000000.0,
    "total_liabilities": 64909000000.0,
    "operating_cashflow": 12627000000.0
  },
  {
    "date": "2019-09-30",
    "ticker": "GOOGL",
    "revenue": 40499000000.0,
    "operating_income": 9177000000.0,
    "net_income": 7068000000.0,
    "total_assets": 263044000000.0,
    "total_liabilities": 68075000000.0,
    "operating_cashflow": 15466000000.0
  },
  {
    "date": "2019-12-31",
    "ticker": "GOOGL",
    "revenue": 161857000000.0,
    "operating_income": 34231000000.0,
    "net_income": 34343000000.0,
    "total_assets": 275909000000.0,
    "total_liabilities": 74467000000.0,
    "operating_cashflow": 54520000000.0
  },
  {
    "date": "2020-03-31",
    "ticker": "GOOGL",
    "revenue": 41159000000.0,
    "operating_income": 7977000000.0,
    "net_income": 6836000000.0,
    "total_assets": 273403000000.0,
    "total_liabilities": 69744000000.0,
    "operating_cashflow": 11451000000.0
  },
  {
    "date": "2020-06-30",
    "ticker": "GOOGL",
    "revenue": 38297000000.0,
    "operating_income": 6383000000.0,
    "net_income": 6959000000.0,
    "total_assets": 278492000000.0,
    "total_liabilities": 71170000000.0,
    "operating_cashflow": 13993000000.0
  },
  {
    "date": "2020-09-30",
    "ticker": "GOOGL",
    "revenue": 46173000000.0,
    "operating_income": 11213000000.0,
    "net_income": 11247000000.0,
    "total_assets": 299243000000.0,
    "total_liabilities": 86323000000.0,
    "operating_cashflow": 17003000000.0
  },
  {
    "date": "2020-12-31",
    "ticker": "GOOGL",
    "revenue": 182527000000.0,
    "operating_income": 41224000000.0,
    "net_income": 40269000000.0,
    "total_assets": 319616000000.0,
    "total_liabilities": 97072000000.0,
    "operating_cashflow": 65124000000.0
  },
  {
    "date": "2021-03-31",
    "ticker": "GOOGL",
    "revenue": 55314000000.0,
    "operating_income": 16437000000.0,
    "net_income": 17930000000.0,
    "total_assets": 327095000000.0,
    "total_liabilities": 97082000000.0,
    "operating_cashflow": 19289000000.0
  },
  {
    "date": "2021-06-30",
    "ticker": "GOOGL",
    "revenue": 61880000000.0,
    "operating_income": 19361000000.0,
    "net_income": 18525000000.0,
    "total_assets": 335387000000.0,
    "total_liabilities": 97822000000.0,
    "operating_cashflow": 21890000000.0
  },
  {
    "date": "2021-09-30",
    "ticker": "GOOGL",
    "revenue": 65118000000.0,
    "operating_income": 21031000000.0,
    "net_income": 18936000000.0,
    "total_assets": 347403000000.0,
    "total_liabilities": 102836000000.0,
    "operating_cashflow": 25539000000.0
  },
  {
    "date": "2021-12-31",
    "ticker": "GOOGL",
    "revenue": 257637000000.0,
    "operating_income": 78714000000.0,
    "net_income": 76033000000.0,
    "total_assets": 359268000000.0,
    "total_liabilities": 107633000000.0,
    "operating_cashflow": 91652000000.0
  },
  {
    "date": "2022-03-31",
    "ticker": "GOOGL",
    "revenue": 68011000000.0,
    "operating_income": 20094000000.0,
    "net_income": 16436000000.0,
    "total_assets": 357096000000.0,
    "total_liabilities": 103092000000.0,
    "operating_cashflow": 25106000000.0
  },
  {
    "date": "2022-06-30",
    "ticker": "GOOGL",
    "revenue": 69685000000.0,
    "operating_income": 19453000000.0,
    "net_income": 16002000000.0,
    "total_assets": 355185000000.0,
    "total_liabilities": 99766000000.0,
    "operating_cashflow": 19422000000.0
  },
  {
    "date": "2022-09-30",
    "ticker": "GOOGL",
    "revenue": 69092000000.0,
    "operating_income": 17135000000.0,
    "net_income": 13910000000.0,
    "total_assets": 358255000000.0,
    "total_liabilities": 104629000000.0,
    "operating_cashflow": 23353000000.0
  },
  {
    "date": "2022-12-31",
    "ticker": "GOOGL",
    "revenue": 282836000000.0,
    "operating_income": 74842000000.0,
    "net_income": 59972000000.0,
    "total_assets": 365264000000.0,
    "total_liabilities": 109120000000.0,
    "operating_cashflow": 91495000000.0
  },
  {
    "date": "2023-03-31",
    "ticker": "GOOGL",
    "revenue": 69787000000.0,
    "operating_income": 17415000000.0,
    "net_income": 15051000000.0,
    "total_assets": 369491000000.0,
    "total_liabilities": 108597000000.0,
    "operating_cashflow": 23509000000.0
  },
  {
    "date": "2023-06-30",
    "ticker": "GOOGL",
    "revenue": 74604000000.0,
    "operating_income": 21838000000.0,
    "net_income": 18368000000.0,
    "total_assets": 383044000000.0,
    "total_liabilities": 115903000000.0,
    "operating_cashflow": 28666000000.0
  },
  {
    "date": "2023-09-30",
    "ticker": "GOOGL",
    "revenue": 76693000000.0,
    "operating_income": 21343000000.0,
    "net_income": 19689000000.0,
    "total_assets": 396711000000.0,
    "total_liabilities": 123509000000.0,
    "operating_cashflow": 30656000000.0
  },
  {
    "date": "2023-12-31",
    "ticker": "GOOGL",
    "revenue": 307394000000.0,
    "operating_income": 84293000000.0,
    "net_income": 73795000000.0,
    "total_assets": 402392000000.0,
    "total_liabilities": 119013000000.0,
    "operating_cashflow": 101746000000.0
  },
  {
    "date": "2024-03-31",
    "ticker": "GOOGL",
    "revenue": 80539000000.0,
    "operating_income": 25472000000.0,
    "net_income": 23662000000.0,
    "total_assets": 407350000000.0,
    "total_liabilities": 114506000000.0,
    "operating_cashflow": 28848000000.0
  },
  {
    "date": "2024-06-30",
    "ticker": "GOOGL",
    "revenue": 84742000000.0,
    "operating_income": 27425000000.0,
    "net_income": 23619000000.0,
    "total_assets": 414770000000.0,
    "total_liabilities": 114017000000.0,
    "operating_cashflow": 26640000000.0
  },
  {
    "date": "2024-09-30",
    "ticker": "GOOGL",
    "revenue": 88268000000.0,
    "operating_income": 28521000000.0,
    "net_income": 26301000000.0,
    "total_assets": 430266000000.0,
    "total_liabilities": 116147000000.0,
    "operating_cashflow": 30698000000.0
  },
  {
    "date": "2024-12-31",
    "ticker": "GOOGL",
    "revenue": 350018000000.0,
    "operating_income": 112390000000.0,
    "net_income": 100118000000.0,
    "total_assets": 450256000000.0,
    "total_liabilities": 125172000000.0,
    "operating_cashflow": 125299000000.0
  },
  {
    "date": "2025-03-31",
    "ticker": "GOOGL",
    "revenue": 90234000000.0,
    "operating_income": 30606000000.0,
    "net_income": 34540000000.0,
    "total_assets": 475374000000.0,
    "total_liabilities": 130107000000.0,
    "operating_cashflow": 36150000000.0
  },
  {
    "date": "2025-06-30",
    "ticker": "GOOGL",
    "revenue": 96428000000.0,
    "operating_income": 31271000000.0,
    "net_income": 28196000000.0,
    "total_assets": 502053000000.0,
    "total_liabilities": 139137000000.0,
    "operating_cashflow": 27747000000.0
  },
  {
    "date": "2025-09-30",
    "ticker": "GOOGL",
    "revenue": 102346000000.0,
    "operating_income": 31228000000.0,
    "net_income": 34979000000.0,
    "total_assets": 536469000000.0,
    "total_liabilities": 149602000000.0,
    "operating_cashflow": 48414000000.0
  },
  {
    "date": "2025-12-31",
    "ticker": "GOOGL",
    "revenue": 402963000000.0,
    "operating_income": 129166000000.0,
    "net_income": 132170000000.0,
    "total_assets": 595281000000.0,
    "total_liabilities": 180016000000.0,
    "operating_cashflow": 164713000000.0
  },
  {
    "date": "2005-12-31",
    "ticker": "AMZN",
    "revenue": 2977000000.0,
    "operating_income": 165000000.0,
    "net_income": 173000000.0,
    "total_assets": 3696000000.0,
    "total_liabilities": 3450000000.0,
    "operating_cashflow": 630000000.0
  },
  {
    "date": "2006-03-31",
    "ticker": "AMZN",
    "revenue": 2279000000.0,
    "operating_income": 106000000.0,
    "net_income": 51000000.0,
    "total_assets": 2990000000.0,
    "total_liabilities": 2666000000.0,
    "operating_cashflow": -303000000.0
  },
  {
    "date": "2006-06-30",
    "ticker": "AMZN",
    "revenue": 2139000000.0,
    "operating_income": 47000000.0,
    "net_income": 22000000.0,
    "total_assets": 3165000000.0,
    "total_liabilities": 2782000000.0,
    "operating_cashflow": 130000000.0
  },
  {
    "date": "2006-09-30",
    "ticker": "AMZN",
    "revenue": 2307000000.0,
    "operating_income": 40000000.0,
    "net_income": 19000000.0,
    "total_assets": 3268000000.0,
    "total_liabilities": 3072000000.0,
    "operating_cashflow": 130000000.0
  },
  {
    "date": "2006-12-31",
    "ticker": "AMZN",
    "revenue": 10711000000.0,
    "operating_income": 389000000.0,
    "net_income": 190000000.0,
    "total_assets": 4363000000.0,
    "total_liabilities": 3932000000.0,
    "operating_cashflow": 702000000.0
  },
  {
    "date": "2007-03-31",
    "ticker": "AMZN",
    "revenue": 3015000000.0,
    "operating_income": 145000000.0,
    "net_income": 111000000.0,
    "total_assets": 3661000000.0,
    "total_liabilities": 3308000000.0,
    "operating_cashflow": -279000000.0
  },
  {
    "date": "2007-06-30",
    "ticker": "AMZN",
    "revenue": 2886000000.0,
    "operating_income": 116000000.0,
    "net_income": 78000000.0,
    "total_assets": 3984000000.0,
    "total_liabilities": 3434000000.0,
    "operating_cashflow": 299000000.0
  },
  {
    "date": "2007-09-30",
    "ticker": "AMZN",
    "revenue": 3262000000.0,
    "operating_income": 123000000.0,
    "net_income": 80000000.0,
    "total_assets": 4618000000.0,
    "total_liabilities": 3857000000.0,
    "operating_cashflow": 237000000.0
  },
  {
    "date": "2007-12-31",
    "ticker": "AMZN",
    "revenue": 14835000000.0,
    "operating_income": 655000000.0,
    "net_income": 476000000.0,
    "total_assets": 6485000000.0,
    "total_liabilities": 5288000000.0,
    "operating_cashflow": 1405000000.0
  },
  {
    "date": "2008-03-31",
    "ticker": "AMZN",
    "revenue": 4135000000.0,
    "operating_income": 198000000.0,
    "net_income": 143000000.0,
    "total_assets": 5883000000.0,
    "total_liabilities": 4413000000.0,
    "operating_cashflow": -645000000.0
  },
  {
    "date": "2008-06-30",
    "ticker": "AMZN",
    "revenue": 4063000000.0,
    "operating_income": 217000000.0,
    "net_income": 158000000.0,
    "total_assets": 6322000000.0,
    "total_liabilities": 4092000000.0,
    "operating_cashflow": 347000000.0
  },
  {
    "date": "2008-09-30",
    "ticker": "AMZN",
    "revenue": 4264000000.0,
    "operating_income": 154000000.0,
    "net_income": 118000000.0,
    "total_assets": 6566000000.0,
    "total_liabilities": 4039000000.0,
    "operating_cashflow": 424000000.0
  },
  {
    "date": "2008-12-31",
    "ticker": "AMZN",
    "revenue": 19166000000.0,
    "operating_income": 842000000.0,
    "net_income": 645000000.0,
    "total_assets": 8314000000.0,
    "total_liabilities": 5642000000.0,
    "operating_cashflow": 1697000000.0
  },
  {
    "date": "2009-03-31",
    "ticker": "AMZN",
    "revenue": 4889000000.0,
    "operating_income": 244000000.0,
    "net_income": 177000000.0,
    "total_assets": 6980000000.0,
    "total_liabilities": 4062000000.0,
    "operating_cashflow": -585000000.0
  },
  {
    "date": "2009-06-30",
    "ticker": "AMZN",
    "revenue": 4651000000.0,
    "operating_income": 159000000.0,
    "net_income": 142000000.0,
    "total_assets": 7675000000.0,
    "total_liabilities": 4419000000.0,
    "operating_cashflow": 468000000.0
  },
  {
    "date": "2009-09-30",
    "ticker": "AMZN",
    "revenue": 5449000000.0,
    "operating_income": 251000000.0,
    "net_income": 199000000.0,
    "total_assets": 8972000000.0,
    "total_liabilities": 5387000000.0,
    "operating_cashflow": 799000000.0
  },
  {
    "date": "2009-12-31",
    "ticker": "AMZN",
    "revenue": 24509000000.0,
    "operating_income": 1129000000.0,
    "net_income": 902000000.0,
    "total_assets": 13813000000.0,
    "total_liabilities": 8556000000.0,
    "operating_cashflow": 3293000000.0
  },
  {
    "date": "2010-03-31",
    "ticker": "AMZN",
    "revenue": 7131000000.0,
    "operating_income": 394000000.0,
    "net_income": 299000000.0,
    "total_assets": 12042000000.0,
    "total_liabilities": 6424000000.0,
    "operating_cashflow": -1098000000.0
  },
  {
    "date": "2010-06-30",
    "ticker": "AMZN",
    "revenue": 6566000000.0,
    "operating_income": 270000000.0,
    "net_income": 207000000.0,
    "total_assets": 12397000000.0,
    "total_liabilities": 6540000000.0,
    "operating_cashflow": 250000000.0
  },
  {
    "date": "2010-09-30",
    "ticker": "AMZN",
    "revenue": 7560000000.0,
    "operating_income": 268000000.0,
    "net_income": 231000000.0,
    "total_assets": 14162000000.0,
    "total_liabilities": 7765000000.0,
    "operating_cashflow": 855000000.0
  },
  {
    "date": "2010-12-31",
    "ticker": "AMZN",
    "revenue": 34204000000.0,
    "operating_income": 1406000000.0,
    "net_income": 1152000000.0,
    "total_assets": 18797000000.0,
    "total_liabilities": 11933000000.0,
    "operating_cashflow": 3495000000.0
  },
  {
    "date": "2011-03-31",
    "ticker": "AMZN",
    "revenue": 9857000000.0,
    "operating_income": 322000000.0,
    "net_income": 201000000.0,
    "total_assets": 16882000000.0,
    "total_liabilities": 9535000000.0,
    "operating_cashflow": -1586000000.0
  },
  {
    "date": "2011-06-30",
    "ticker": "AMZN",
    "revenue": 9913000000.0,
    "operating_income": 201000000.0,
    "net_income": 191000000.0,
    "total_assets": 17941000000.0,
    "total_liabilities": 10176000000.0,
    "operating_cashflow": 423000000.0
  },
  {
    "date": "2011-09-30",
    "ticker": "AMZN",
    "revenue": 10876000000.0,
    "operating_income": 79000000.0,
    "net_income": 63000000.0,
    "total_assets": 19054000000.0,
    "total_liabilities": 11288000000.0,
    "operating_cashflow": 797000000.0
  },
  {
    "date": "2011-12-31",
    "ticker": "AMZN",
    "revenue": 48077000000.0,
    "operating_income": 862000000.0,
    "net_income": 631000000.0,
    "total_assets": 25278000000.0,
    "total_liabilities": 17521000000.0,
    "operating_cashflow": 3903000000.0
  },
  {
    "date": "2012-03-31",
    "ticker": "AMZN",
    "revenue": 13185000000.0,
    "operating_income": 192000000.0,
    "net_income": 130000000.0,
    "total_assets": 20339000000.0,
    "total_liabilities": 13068000000.0,
    "operating_cashflow": -2438000000.0
  },
  {
    "date": "2012-06-30",
    "ticker": "AMZN",
    "revenue": 12834000000.0,
    "operating_income": 107000000.0,
    "net_income": 7000000.0,
    "total_assets": 21022000000.0,
    "total_liabilities": 13517000000.0,
    "operating_cashflow": 594000000.0
  },
  {
    "date": "2012-09-30",
    "ticker": "AMZN",
    "revenue": 13806000000.0,
    "operating_income": -28000000.0,
    "net_income": -274000000.0,
    "total_assets": 22834000000.0,
    "total_liabilities": 15281000000.0,
    "operating_cashflow": 943000000.0
  },
  {
    "date": "2012-12-31",
    "ticker": "AMZN",
    "revenue": 61093000000.0,
    "operating_income": 676000000.0,
    "net_income": -39000000.0,
    "total_assets": 32555000000.0,
    "total_liabilities": 24363000000.0,
    "operating_cashflow": 4180000000.0
  },
  {
    "date": "2013-03-31",
    "ticker": "AMZN",
    "revenue": 16070000000.0,
    "operating_income": 181000000.0,
    "net_income": 82000000.0,
    "total_assets": 28377000000.0,
    "total_liabilities": 19945000000.0,
    "operating_cashflow": -2372000000.0
  },
  {
    "date": "2013-06-30",
    "ticker": "AMZN",
    "revenue": 15704000000.0,
    "operating_income": 79000000.0,
    "net_income": -7000000.0,
    "total_assets": 29623000000.0,
    "total_liabilities": 20890000000.0,
    "operating_cashflow": 880000000.0
  },
  {
    "date": "2013-09-30",
    "ticker": "AMZN",
    "revenue": 17092000000.0,
    "operating_income": -25000000.0,
    "net_income": -41000000.0,
    "total_assets": 31861000000.0,
    "total_liabilities": 22774000000.0,
    "operating_cashflow": 1388000000.0
  },
  {
    "date": "2013-12-31",
    "ticker": "AMZN",
    "revenue": 74452000000.0,
    "operating_income": 745000000.0,
    "net_income": 274000000.0,
    "total_assets": 40159000000.0,
    "total_liabilities": 30413000000.0,
    "operating_cashflow": 5475000000.0
  },
  {
    "date": "2014-03-31",
    "ticker": "AMZN",
    "revenue": 19741000000.0,
    "operating_income": 146000000.0,
    "net_income": 108000000.0,
    "total_assets": 36364000000.0,
    "total_liabilities": 26036000000.0,
    "operating_cashflow": -2502000000.0
  },
  {
    "date": "2014-06-30",
    "ticker": "AMZN",
    "revenue": 19340000000.0,
    "operating_income": -15000000.0,
    "net_income": -126000000.0,
    "total_assets": 37898000000.0,
    "total_liabilities": 27296000000.0,
    "operating_cashflow": 862000000.0
  },
  {
    "date": "2014-09-30",
    "ticker": "AMZN",
    "revenue": 20579000000.0,
    "operating_income": -544000000.0,
    "net_income": -437000000.0,
    "total_assets": 40419000000.0,
    "total_liabilities": 30083000000.0,
    "operating_cashflow": 1766000000.0
  },
  {
    "date": "2014-12-31",
    "ticker": "AMZN",
    "revenue": 88988000000.0,
    "operating_income": 178000000.0,
    "net_income": -241000000.0,
    "total_assets": 54505000000.0,
    "total_liabilities": 43764000000.0,
    "operating_cashflow": 6842000000.0
  },
  {
    "date": "2015-03-31",
    "ticker": "AMZN",
    "revenue": 22717000000.0,
    "operating_income": 255000000.0,
    "net_income": -57000000.0,
    "total_assets": 50075000000.0,
    "total_liabilities": 39202000000.0,
    "operating_cashflow": -1499000000.0
  },
  {
    "date": "2015-06-30",
    "ticker": "AMZN",
    "revenue": 23185000000.0,
    "operating_income": 464000000.0,
    "net_income": 92000000.0,
    "total_assets": 52440000000.0,
    "total_liabilities": 40672000000.0,
    "operating_cashflow": 1997000000.0
  },
  {
    "date": "2015-09-30",
    "ticker": "AMZN",
    "revenue": 25358000000.0,
    "operating_income": 406000000.0,
    "net_income": 79000000.0,
    "total_assets": 56230000000.0,
    "total_liabilities": 43800000000.0,
    "operating_cashflow": 2610000000.0
  },
  {
    "date": "2015-12-31",
    "ticker": "AMZN",
    "revenue": 107006000000.0,
    "operating_income": 2233000000.0,
    "net_income": 596000000.0,
    "total_assets": 64747000000.0,
    "total_liabilities": 51363000000.0,
    "operating_cashflow": 12039000000.0
  },
  {
    "date": "2016-03-31",
    "ticker": "AMZN",
    "revenue": 29128000000.0,
    "operating_income": 1071000000.0,
    "net_income": 513000000.0,
    "total_assets": 61128000000.0,
    "total_liabilities": 46372000000.0,
    "operating_cashflow": -1953000000.0
  },
  {
    "date": "2016-06-30",
    "ticker": "AMZN",
    "revenue": 30404000000.0,
    "operating_income": 1285000000.0,
    "net_income": 857000000.0,
    "total_assets": 65076000000.0,
    "total_liabilities": 48538000000.0,
    "operating_cashflow": 3578000000.0
  },
  {
    "date": "2016-09-30",
    "ticker": "AMZN",
    "revenue": 32714000000.0,
    "operating_income": 575000000.0,
    "net_income": 252000000.0,
    "total_assets": 70897000000.0,
    "total_liabilities": 53115000000.0,
    "operating_cashflow": 4659000000.0
  },
  {
    "date": "2016-12-31",
    "ticker": "AMZN",
    "revenue": 135987000000.0,
    "operating_income": 4186000000.0,
    "net_income": 2371000000.0,
    "total_assets": 83402000000.0,
    "total_liabilities": 64117000000.0,
    "operating_cashflow": 17203000000.0
  },
  {
    "date": "2017-03-31",
    "ticker": "AMZN",
    "revenue": 35714000000.0,
    "operating_income": 1005000000.0,
    "net_income": 724000000.0,
    "total_assets": 80969000000.0,
    "total_liabilities": 59295000000.0,
    "operating_cashflow": -1619000000.0
  },
  {
    "date": "2017-06-30",
    "ticker": "AMZN",
    "revenue": 37955000000.0,
    "operating_income": 628000000.0,
    "net_income": 197000000.0,
    "total_assets": 87781000000.0,
    "total_liabilities": 64567000000.0,
    "operating_cashflow": 3850000000.0
  },
  {
    "date": "2017-09-30",
    "ticker": "AMZN",
    "revenue": 43744000000.0,
    "operating_income": 347000000.0,
    "net_income": 256000000.0,
    "total_assets": 115267000000.0,
    "total_liabilities": 90609000000.0,
    "operating_cashflow": 3777000000.0
  },
  {
    "date": "2017-12-31",
    "ticker": "AMZN",
    "revenue": 177866000000.0,
    "operating_income": 4106000000.0,
    "net_income": 3033000000.0,
    "total_assets": 131310000000.0,
    "total_liabilities": 103601000000.0,
    "operating_cashflow": 18365000000.0
  },
  {
    "date": "2018-03-31",
    "ticker": "AMZN",
    "revenue": 51042000000.0,
    "operating_income": 1927000000.0,
    "net_income": 1629000000.0,
    "total_assets": 126362000000.0,
    "total_liabilities": 94899000000.0,
    "operating_cashflow": -1791000000.0
  },
  {
    "date": "2018-06-30",
    "ticker": "AMZN",
    "revenue": 52886000000.0,
    "operating_income": 2983000000.0,
    "net_income": 2534000000.0,
    "total_assets": 134100000000.0,
    "total_liabilities": 99105000000.0,
    "operating_cashflow": 7449000000.0
  },
  {
    "date": "2018-09-30",
    "ticker": "AMZN",
    "revenue": 56576000000.0,
    "operating_income": 3724000000.0,
    "net_income": 2883000000.0,
    "total_assets": 143695000000.0,
    "total_liabilities": 104570000000.0,
    "operating_cashflow": 8588000000.0
  },
  {
    "date": "2018-12-31",
    "ticker": "AMZN",
    "revenue": 232887000000.0,
    "operating_income": 12421000000.0,
    "net_income": 10073000000.0,
    "total_assets": 162648000000.0,
    "total_liabilities": 119099000000.0,
    "operating_cashflow": 30723000000.0
  },
  {
    "date": "2019-03-31",
    "ticker": "AMZN",
    "revenue": 59700000000.0,
    "operating_income": 4420000000.0,
    "net_income": 3561000000.0,
    "total_assets": 178102000000.0,
    "total_liabilities": 129692000000.0,
    "operating_cashflow": 1846000000.0
  },
  {
    "date": "2019-06-30",
    "ticker": "AMZN",
    "revenue": 63404000000.0,
    "operating_income": 3084000000.0,
    "net_income": 2625000000.0,
    "total_assets": 191351000000.0,
    "total_liabilities": 138290000000.0,
    "operating_cashflow": 9118000000.0
  },
  {
    "date": "2019-09-30",
    "ticker": "AMZN",
    "revenue": 69981000000.0,
    "operating_income": 3020000000.0,
    "net_income": 2134000000.0,
    "total_assets": 199099000000.0,
    "total_liabilities": 142591000000.0,
    "operating_cashflow": 7892000000.0
  },
  {
    "date": "2019-12-31",
    "ticker": "AMZN",
    "revenue": 280522000000.0,
    "operating_income": 14541000000.0,
    "net_income": 11588000000.0,
    "total_assets": 225248000000.0,
    "total_liabilities": 163188000000.0,
    "operating_cashflow": 38514000000.0
  },
  {
    "date": "2020-03-31",
    "ticker": "AMZN",
    "revenue": 75452000000.0,
    "operating_income": 3989000000.0,
    "net_income": 2535000000.0,
    "total_assets": 221238000000.0,
    "total_liabilities": 155966000000.0,
    "operating_cashflow": 3064000000.0
  },
  {
    "date": "2020-06-30",
    "ticker": "AMZN",
    "revenue": 88912000000.0,
    "operating_income": 5843000000.0,
    "net_income": 5243000000.0,
    "total_assets": 258314000000.0,
    "total_liabilities": 184586000000.0,
    "operating_cashflow": 20606000000.0
  },
  {
    "date": "2020-09-30",
    "ticker": "AMZN",
    "revenue": 96145000000.0,
    "operating_income": 6194000000.0,
    "net_income": 6331000000.0,
    "total_assets": 282179000000.0,
    "total_liabilities": 199404000000.0,
    "operating_cashflow": 11964000000.0
  },
  {
    "date": "2020-12-31",
    "ticker": "AMZN",
    "revenue": 386064000000.0,
    "operating_income": 22899000000.0,
    "net_income": 21331000000.0,
    "total_assets": 321195000000.0,
    "total_liabilities": 227791000000.0,
    "operating_cashflow": 66064000000.0
  },
  {
    "date": "2021-03-31",
    "ticker": "AMZN",
    "revenue": 108518000000.0,
    "operating_income": 8865000000.0,
    "net_income": 8107000000.0,
    "total_assets": 323077000000.0,
    "total_liabilities": 219757000000.0,
    "operating_cashflow": 4213000000.0
  },
  {
    "date": "2021-06-30",
    "ticker": "AMZN",
    "revenue": 113080000000.0,
    "operating_income": 7702000000.0,
    "net_income": 7778000000.0,
    "total_assets": 360319000000.0,
    "total_liabilities": 245516000000.0,
    "operating_cashflow": 12715000000.0
  },
  {
    "date": "2021-09-30",
    "ticker": "AMZN",
    "revenue": 110812000000.0,
    "operating_income": 4852000000.0,
    "net_income": 3156000000.0,
    "total_assets": 382406000000.0,
    "total_liabilities": 261842000000.0,
    "operating_cashflow": 7313000000.0
  },
  {
    "date": "2021-12-31",
    "ticker": "AMZN",
    "revenue": 469822000000.0,
    "operating_income": 24879000000.0,
    "net_income": 33364000000.0,
    "total_assets": 420549000000.0,
    "total_liabilities": 282304000000.0,
    "operating_cashflow": 46327000000.0
  },
  {
    "date": "2022-03-31",
    "ticker": "AMZN",
    "revenue": 116444000000.0,
    "operating_income": 3669000000.0,
    "net_income": -3844000000.0,
    "total_assets": 410767000000.0,
    "total_liabilities": 276766000000.0,
    "operating_cashflow": -2790000000.0
  },
  {
    "date": "2022-06-30",
    "ticker": "AMZN",
    "revenue": 121234000000.0,
    "operating_income": 3317000000.0,
    "net_income": -2028000000.0,
    "total_assets": 419728000000.0,
    "total_liabilities": 288326000000.0,
    "operating_cashflow": 8965000000.0
  },
  {
    "date": "2022-09-30",
    "ticker": "AMZN",
    "revenue": 127101000000.0,
    "operating_income": 2525000000.0,
    "net_income": 2872000000.0,
    "total_assets": 428362000000.0,
    "total_liabilities": 290873000000.0,
    "operating_cashflow": 11404000000.0
  },
  {
    "date": "2022-12-31",
    "ticker": "AMZN",
    "revenue": 513983000000.0,
    "operating_income": 12248000000.0,
    "net_income": -2722000000.0,
    "total_assets": 462675000000.0,
    "total_liabilities": 316632000000.0,
    "operating_cashflow": 46752000000.0
  },
  {
    "date": "2023-03-31",
    "ticker": "AMZN",
    "revenue": 127358000000.0,
    "operating_income": 4774000000.0,
    "net_income": 3172000000.0,
    "total_assets": 464378000000.0,
    "total_liabilities": 309852000000.0,
    "operating_cashflow": 4788000000.0
  },
  {
    "date": "2023-06-30",
    "ticker": "AMZN",
    "revenue": 134383000000.0,
    "operating_income": 7681000000.0,
    "net_income": 6750000000.0,
    "total_assets": 477607000000.0,
    "total_liabilities": 309005000000.0,
    "operating_cashflow": 16476000000.0
  },
  {
    "date": "2023-09-30",
    "ticker": "AMZN",
    "revenue": 143083000000.0,
    "operating_income": 11188000000.0,
    "net_income": 9879000000.0,
    "total_assets": 486883000000.0,
    "total_liabilities": 303910000000.0,
    "operating_cashflow": 21217000000.0
  },
  {
    "date": "2023-12-31",
    "ticker": "AMZN",
    "revenue": 574785000000.0,
    "operating_income": 36852000000.0,
    "net_income": 30425000000.0,
    "total_assets": 527854000000.0,
    "total_liabilities": 325979000000.0,
    "operating_cashflow": 84946000000.0
  },
  {
    "date": "2024-03-31",
    "ticker": "AMZN",
    "revenue": 143313000000.0,
    "operating_income": 15307000000.0,
    "net_income": 10431000000.0,
    "total_assets": 530969000000.0,
    "total_liabilities": 314308000000.0,
    "operating_cashflow": 18989000000.0
  },
  {
    "date": "2024-06-30",
    "ticker": "AMZN",
    "revenue": 147977000000.0,
    "operating_income": 14769000000.0,
    "net_income": 13485000000.0,
    "total_assets": 554818000000.0,
    "total_liabilities": 318371000000.0,
    "operating_cashflow": 25281000000.0
  },
  {
    "date": "2024-09-30",
    "ticker": "AMZN",
    "revenue": 158877000000.0,
    "operating_income": 17411000000.0,
    "net_income": 15328000000.0,
    "total_assets": 584626000000.0,
    "total_liabilities": 325475000000.0,
    "operating_cashflow": 25971000000.0
  },
  {
    "date": "2024-12-31",
    "ticker": "AMZN",
    "revenue": 637959000000.0,
    "operating_income": 68593000000.0,
    "net_income": 59248000000.0,
    "total_assets": 624894000000.0,
    "total_liabilities": 338924000000.0,
    "operating_cashflow": 115877000000.0
  },
  {
    "date": "2025-03-31",
    "ticker": "AMZN",
    "revenue": 155667000000.0,
    "operating_income": 18405000000.0,
    "net_income": 17127000000.0,
    "total_assets": 643256000000.0,
    "total_liabilities": 337389000000.0,
    "operating_cashflow": 17015000000.0
  },
  {
    "date": "2025-06-30",
    "ticker": "AMZN",
    "revenue": 167702000000.0,
    "operating_income": 19171000000.0,
    "net_income": 18164000000.0,
    "total_assets": 682170000000.0,
    "total_liabilities": 348395000000.0,
    "operating_cashflow": 32515000000.0
  },
  {
    "date": "2025-09-30",
    "ticker": "AMZN",
    "revenue": 180169000000.0,
    "operating_income": 17422000000.0,
    "net_income": 21187000000.0,
    "total_assets": 727921000000.0,
    "total_liabilities": 358290000000.0,
    "operating_cashflow": 35525000000.0
  },
  {
    "date": "2025-12-31",
    "ticker": "AMZN",
    "revenue": 716924000000.0,
    "operating_income": 79975000000.0,
    "net_income": 77670000000.0,
    "total_assets": 818042000000.0,
    "total_liabilities": 406977000000.0,
    "operating_cashflow": 139514000000.0
  }
]